@misc{florian2007correct,
  title        = "Correct equations for the dynamics of the cart-pole system",
  author       = "R\v{a}zvan V. Florian",
  howpublished = "online document",
  url          = "https://coneural.org/florian/papers/05_cart_pole.pdf",
  year         = 2007,
}

@misc{tedrake2023underactuated,
  title        = "Underactuated Robotics",
  subtitle     = "Algorithms for Walking, Running, Swimming, Flying, and Manipulation",
  howpublished = "Course Notes for MIT 6.832",
  author       = "Tedrake, Russ",
  year         = 2023,
  url          = "https://underactuated.csail.mit.edu",
}
